<?xml version="1.0" encoding="UTF-8"?><record xmlns="http://www.loc.gov/MARC21/slim" xmlns:cinclude="http://apache.org/cocoon/include/1.0" xmlns:zs="http://www.loc.gov/zing/srw/">
  <leader>00453cz  a2200133n  4500</leader>
  <controlfield tag="001">n 2003067622</controlfield>
  <controlfield tag="003">DLC</controlfield>
  <controlfield tag="005">20030910084829.0</controlfield>
  <controlfield tag="008">030910n| acannaabn          |a aaa      </controlfield>
  <datafield tag="010" ind1=" " ind2=" ">
    <subfield code="a">n 2003067622</subfield>
  </datafield>
  <datafield tag="040" ind1=" " ind2=" ">
    <subfield code="a">DLC</subfield>
    <subfield code="b">eng</subfield>
    <subfield code="c">DLC</subfield>
  </datafield>
  <datafield tag="100" ind1="1" ind2=" ">
    <subfield code="a">Sukʻiasyan, Kʻ. A.</subfield>
    <subfield code="q">(Kʻnarik A.)</subfield>
  </datafield>
  <datafield tag="400" ind1="1" ind2=" ">
    <subfield code="a">Sukʻiasyan, Kʻnarik A.</subfield>
  </datafield>
  <datafield tag="670" ind1=" " ind2=" ">
    <subfield code="a">Sukʻiasyan, A. M. Ardi hayereni ughghagrakan-dzevakazmakan baṛaran, 2002:</subfield>
    <subfield code="b">t.p. (Kʻ.A. Sukʻiasyan) colophon (Kʻnarik Sukʻiasyan)</subfield>
  </datafield>
</record>